@book{Witt, place={Cambridge}, edition={2}, series={Cambridge Studies in Advanced Mathematics}, title={Finite Group Theory}, publisher={Cambridge University Press}, author={Aschbacher, M.}, year={2000}, collection={Cambridge Studies in Advanced Mathematics}}

@Article{Levy,
author="Ornstein, Donald S.
and Weiss, Benjamin",
title="Entropy and isomorphism theorems for actions of amenable groups",
journal="Journal d'Analyse Math{\'e}matique",
year="1987",
month="Dec",
day="01",
volume="48",
number="1",
pages="1--141",
issn="1565-8538",
}


@book{Azema,
  title={Dynamics of Infinite-dimensional Groups: The Ramsey-Dvoretzky-Milman Phenomenon},
  author={Pestov, V. and American Mathematical Society},
  lccn={2006048749},
  series={University lecture series},
  year={2006},
  publisher={American Mathematical Society}
}

@article {thom,
    AUTHOR = {Carderi, Alessandro and Thom, Andreas},
     TITLE = {An exotic group as limit of finite special linear groups},
   JOURNAL = {Ann. Inst. Fourier (Grenoble)},
  FJOURNAL = {Universit\'{e} de Grenoble. Annales de l'Institut Fourier},
    VOLUME = {68},
      YEAR = {2018},
    NUMBER = {1},
     PAGES = {257--273},
      ISSN = {0373-0956},
   MRCLASS = {43A65 (16E50 54H11)},
  MRNUMBER = {3795479},
}
